<?xml version="1.0" encoding="UTF-8"?><record xmlns="http://www.loc.gov/MARC21/slim" xmlns:cinclude="http://apache.org/cocoon/include/1.0" xmlns:zs="http://www.loc.gov/zing/srw/">
  <leader>00598cz  a2200157n  4500</leader>
  <controlfield tag="001">no2002089800</controlfield>
  <controlfield tag="003">DLC</controlfield>
  <controlfield tag="005">20140425073854.0</controlfield>
  <controlfield tag="008">021001n| azannaabn          |b ana     c</controlfield>
  <datafield tag="010" ind1=" " ind2=" ">
    <subfield code="a">no2002089800</subfield>
    <subfield code="z">no2002089809</subfield>
  </datafield>
  <datafield tag="035" ind1=" " ind2=" ">
    <subfield code="a">(OCoLC)oca05877056</subfield>
  </datafield>
  <datafield tag="040" ind1=" " ind2=" ">
    <subfield code="a">CU</subfield>
    <subfield code="b">eng</subfield>
    <subfield code="e">rda</subfield>
    <subfield code="c">CU</subfield>
    <subfield code="d">DLC</subfield>
    <subfield code="d">InU</subfield>
  </datafield>
  <datafield tag="110" ind1="2" ind2=" ">
    <subfield code="a">Rossiĭskoe istoricheskoe obshchestvo</subfield>
  </datafield>
  <datafield tag="410" ind1="2" ind2=" ">
    <subfield code="a">Российское историческое общество</subfield>
  </datafield>
  <datafield tag="667" ind1=" " ind2=" ">
    <subfield code="a">Non-Latin script reference(s) not evaluated.</subfield>
  </datafield>
  <datafield tag="670" ind1=" " ind2=" ">
    <subfield code="a">Numizmaticheskiĭ sbornik (Nizhniĭ Novgorod, Russia), t. 1 (1997):</subfield>
    <subfield code="b">t.p. (Rossiĭskoe istoricheskoe obshchestvo)</subfield>
  </datafield>
</record>